4667 5792
1166 332 1372 397 „10-

2316 368 2323 417 l

431 574 433 579 Χ
471 472 474 487 ’
517 495 560 576 Η,
603 500 802 580 Quamquam
823 497 942 581 Halym
964 516 1026 577 uon
1048 502 1267 580 transgressus
1295 504 1352 576 est,
1382 498 1500 565 multas
1532 463 1627 566 urbes
1656 463 1827 583 'terrasque
1860 463 1920 567 sibi
1952 498 2094 579 suhieoit,
2129 516 2208 584 quae
2321 482 2323 485 ⁵

321 604 555 665 eruuuorantnr.
597 592 651 681 pipi*
672 591 728 683 py'.

519 701 578 766 ΙΙΙ.
622 702 700 767 Cum
723 702 820 767 otiam
854 699 989 767 Graecae
1019 702 1128 769 ioniae
1161 704 1255 767 urbes
1279 701 1307 765 ei
1334 701 1498 784 paruerint
1523 706 1568 771 etr
1584 702 1718 768 invictus
1748 703 1899 768 viluerit
1931 704 2095 781 eremitae,
2128 722 2213 767 nune

320 824 435 887 magna
457 804 545 869 elude
568 803 729 868 maritima
751 802 852 868 affeoti
877 823 996 868 surmus.
1040 801 1142 886 ἑπῳδ.

692 912 697 925 ·
1117 898 1170 969 (ια’
1208 896 1263 984 tss'
1282 896 1328 988 ra'
1372 901 1393 963 a

1119 990 1167 1015 Ψ
1213 987 1326 1051 &d

896 1158 920 1227 2
976 1157 1030 1227 De
1051 1154 1268 1227 Promethei
1289 1153 1444 1228 tabulae
1463 1156 1634 1230 oautieis.

519 1268 734 1334 Cantioum
757 1267 933 1350 primum
953 1265 997 1351 (r.
1021 1266 1082 1330 128
1104 1266 1186 1348 sqq.)
1209 1265 1412 1329 amoebaeum
1433 1270 1483 1330 est
1504 1266 1587 1332 inter
1607 1269 1737 1334 ohomm
1759 1271 1791 1335 ot
1809 1268 2042 1335 Prometheum.

453 1352 458 1367 ’
517 1370 543 1436 Ι.
585 1369 624 1434 In
646 1369 768 1433 exordio
792 1370 902 1433 ehorus
924 1387 1054 1433 eausam
1076 1386 1111 1431 ao
1131 1366 1258 1431 modurn
1280 1364 1434 1432 adventus
1457 1370 1506 1433 sui
1529 1369 1697 1449 signifieat.
1740 1390 1772 1435 a.

517 1470 559 1536 Il.
602 1470 780 1535 Promethei
803 1489 869 1534 sors
891 1468 975 1533 ohori
1000 1470 1032 1557 et
1053 1468 1194 1534 omnium
1216 1467 1345 1532 deorum
1366 1471 1492 1549 praeter
1513 1470 1624 1535 lovem
1645 1469 1894 1536 misericordiam
1915 1470 2042 1536 exaltat.
2084 1461 2148 1551 α’β.

517 1571 576 1637 ΠΙ.
620 1570 681 1637 Sed
702 1571 881 1635 Promethei
901 1558 1068 1635 eontumar
1091 1571 1216 1635 animus
1239 1588 1300 1633 non
1328 1569 1430 1647 magis
1457 1568 1596 1637 fleotitur
1628 1591 1725 1654 quam
1757 1571 1845 1637 Joris
1874 1569 2084 1656 implacabilis
2110 1587 2212 1647 meua,
2321 1606 2322 1611 =

319 1695 416 1761 quare
437 1675 636 1740 vehementer
658 1675 752 1757 pavet
773 1673 897 1737 chorus,
939 1663 982 1751 β’.

1117 1765 1317 1881 urgere

1216 1886 1290 1923 ψ

519 1948 727 2016 Cantioum
749 1948 961 2032 alterum1)
982 1946 1024 2028 (r.
1044 1949 1224 2027 aaa-435)
1247 1943 1476 2009 sententiarum
1507 1944 1664 2026 gravitate
1693 1947 1983 2032 compositionisqne
2016 1949 2085 2014 arte
2118 1946 2208 2031 plane

319 2059 405 2120 earet
436 2052 517 2118 siout
549 2051 707 2115 uantiaum
742 2054 892 2132 quartum
925 2050 957 2115 in
990 2049 1106 2114 Persis.
1167 2048 1284 2129 Agitur
1324 2045 1361 2111 de
1393 2046 1508 2110 misera
1540 2049 1622 2111 sorte
1655 2048 1842 2115 Promethei.
1907 2049 1977 2114 Hae
1995 2049 2075 2121 ,iere
2104 2050 2210 2133 partes

319 2154 453 2221 discerni
474 2155 623 2239 possunt:
1857 2162 1863 2173 ·

516 2255 543 2319 Ι.
586 2252 736 2334 Queritur
758 2252 870 2317 ohorus
885 2252 1065 2316 Promethei
1078 2256 1205 2328 sortem,
1227 2267 1290 2330 qua
1311 2247 1439 2331 Jupiter
1461 2248 1524 2313 rim
1546 2269 1637 2314 snam
1658 2252 1816 2319 ostendat.
1858 2277 1889 2318 α.

484 2346 559 2421 ‘IL
604 2355 720 2420 Omnes
742 2353 818 2417 item
840 2353 960 2417 rioinae
981 2356 1090 2435 gentes
1105 2351 1329 2415 Prometheum
1351 2350 1440 2431 queri
1461 2349 1620 2417 dionmru.
1663 2347 1694 2417 α’
1704 2348 1770 2437 pipi'.

517 2455 577 2520 ΙΙΙ.
620 2454 720 2519 Nemo
741 2454 803 2518 uisi
826 2455 917 2519 Atlas
939 2473 976 2519 ea
998 2454 1179 2520 oalamitate
1202 2470 1264 2532 qua
1286 2450 1490 2515 Prometheus
1509 2453 1665 2534 premitur
1688 2459 1743 2519 aut
1766 2456 1912 2522 similiter
1930 2455 2069 2536 lugetur.
2111 2446 2169 2538 yy'.

1116 2545 1315 2676 aare

517 2694 556 2757 In
578 2693 739 2757 eantioo
763 2693 894 2757 tertio
916 2694 957 2775 (v.
980 2693 1159 2775 aaa-560)
1184 2691 1379 2755 demonstrat
1398 2691 1520 2766 ahorne,
1539 2691 1615 2773 quid
1637 2691 1745 2758 doeeat
1767 2693 1946 2760 Promethei
1969 2712 2047 2758 sors.

518 2796 544 2859 Ι.
588 2795 721 2877 Superos
744 2795 897 2859 offendere
919 2794 1025 2859 nolim.
1069 2821 1100 2859 u.
1934 2806 1937 2809 ’

517 2898 559 2962 ΙΙ.
603 2897 682 2962 Cum
704 2896 875 2961 ineundum
897 2896 939 2960 sit
958 2914 1030 2960 oum
1051 2898 1132 2961 bona
1155 2918 1210 2980 spe
1232 2902 1264 2961 et
1286 2900 1366 2964 laete
1389 2900 1487 2965 vitam
1517 2900 1638 2981 degere,
1672 2901 1781 2964 horreo
1811 2902 1882 2962 tuos
1916 2895 2037 2962 ‹lolores
2068 2893 2209 2973 intuens,

319 3004 371 3087 qui
394 3001 504 3067 lovem
526 3019 587 3064 uon
607 2998 723 3063 timeus
745 2997 879 3063 nimium
901 2998 1049 3062 mortales
1071 2996 1204 3062 uoluisti.
1251 2992 1292 3085 α’.

516 3100 576 3165 lll.
620 3102 771 3165 Attamen
792 3100 850 3164 tihi
871 3118 955 3164 nuno
977 3099 1055 3163 nihil
1074 3101 1121 3163 est
1142 3100 1249 3163 auxilii
1272 3120 1291 3165 a
1312 3101 1406 3167 debili
1426 3101 1587 3169 homiuum
1608 3123 1731 3184 genere,
1753 3103 1807 3185 qui
1818 3103 1928 3166 eontra
1940 3099 2027 3166 lovis
2039 3096 2207 3183 imperium

319 3206 398 3273 nihil
420 3203 537 3271 valent.
579 3203 611 3281 β.
2011 3216 2013 3219 ’

516 3303 571 3368 IV.
614 3303 701 3367 Haeo
721 3304 862 3385 (superos
885 3320 946 3366 nou
964 3301 1043 3366 mihi
1065 3321 1131 3366 esse
1153 3302 1365 3386 offendendos)
1387 3305 1529 3395 eognovi
1545 3308 1761 3388 praestantem
1779 3305 1873 3369 trram
1892 3303 2108 3368 calamitatem
2139 3318 2213 3365 eum

318 3412 419 3495 priore
442 3407 591 3475 lelioitate
611 3386 805 3488 comparans.
847 3396 889 3485 β’.
1773 3414 1776 3420 ’

515 3507 679 3571 Postrema
699 3525 773 3590 pars
792 3503 921 3589 reapioit
943 3505 982 3570 aa
1014 3504 1151 3586 primam
1184 3505 1238 3581 ita,
1273 3508 1309 3570 ut
1331 3505 1517 3589 interposita
1548 3507 1622 3584 sint,
1653 3527 1734 3591 qnae
1766 3506 1803 3572 de
1838 3505 1998 3590 praesenti
2030 3503 2211 3569 Promethei

317 3612 498 3681 orrlamitate
520 3608 677 3673 dicuntur.

1116 3701 1243 3791 uu'pipi'.

1123 3796 1238 3883 Q

467 3948 471 3954 ·
518 3913 730 3981 Crastinum
752 3904 947 3991 quartum
969 3908 1011 3989 (a.
1033 3908 1213 3991 887-906)
1237 3909 1282 3971 sia
1303 3908 1441 3973 dividere
1465 3909 1575 3974 velim:

501 4017 540 4083 ri„
582 4012 633 4081 m
650 4033 706 4091 suo
727 4027 882 4094 quemque
904 4006 1010 4073 ordine
1031 4006 1160 4092 nuptias
1182 4008 1344 4073 mneiliare
1366 4012 1497 4093 oportet.
1541 4035 1571 4075 α.

515 4117 558 4181 ΙΙ.
600 4111 881 4197 Numnam-auris
903 4110 1017 4175 amoris
1035 4110 1193 4194 partioep's
1216 4112 1300 4179 tiam.
1322 4129 1397 4174 uam
1418 4111 1508 4177 Jonis
1530 4115 1707 4195 exemplum
1728 4131 1777 4176 me
1801 4116 1909 4176 terret.
1952 4108 1994 4177 α’.

514 4219 573 4283 ΠΙ.
613 4218 693 4283 Mihi
714 4235 787 4280 roro
809 4212 955 4295 aequales
983 4213 1109 4295 placent
1141 4212 1271 4295 nrrptiae
1304 4230 1402 4294 neque
1436 4233 1576 4295 uuquam
1609 4213 1818 4295 potentiorum
1853 4212 1980 4278 deormn
2011 4212 2118 4288 amori,
2154 4211 2208 4275 eui

315 4322 460 4388 resistere
479 4340 540 4385 non
561 4321 642 4395 limt,
666 4317 867 4383 sueoumbere
889 4312 992 4377 velim.
1035 4305 1136 4399 a’rrrprl.

879 4496 911 4566 a.
954 4468 1010 4567 oe
1032 4493 1255 4583 supernum
1273 4493 1428 4568 rasurae
1450 4495 1622 4568 muers.

512 4609 683 4675 Uautieo
704 4608 829 4691 primo
852 4603 1269 4688 (v.1-175)Haeokerus2)
1290 4605 1444 4670 eonieiens
1468 4607 1511 4688 (r.
1523 4607 1577 4688 53)
1601 4601 1721 4669 τελέων
1731 4604 1891 4684 ἐπιδείξω
1911 4599 2018 4671 neore?
2039 4597 2212 4691 τεκμήρια
2321 4666 2322 4669 ,

312 4715 393 4781 hano
407 4711 596 4779 sententiam
617 4710 749 4794 exprimi
767 4710 882 4792 putat:
916 4705 1100 4784 „Naohdem
1122 4706 1173 4769 ioh
1190 4706 1275 4771 mein
1297 4705 1441 4771 traheres
1462 4705 1540 4771 Leid
1562 4709 1702 4771 eraahut
1721 4708 1811 4785 habe,
1834 4706 1897 4771 will
1919 4708 1970 4773 ioh
1991 4709 2109 4774 alehere
2133 4708 2211 4773 hn-

514 4848 532 4917 ¹)
553 4845 765 4915 Antiatropham
785 4829 812 4916 γ’
839 4839 943 4911 optime
960 4838 1119 4894 emendarit
1144 4838 1327 4896 Hermaeum.
1370 4840 1471 4897 Omnes
1492 4840 1659 4910 interpretes
1678 4847 1789 4910 praeter
1808 4838 1992 4896 Rihheolrium
2022 4839 2213 4898 consentiunt
2321 4886 2322 4907 p

309 4939 513 5012 antistropham
536 4927 562 5010 γ’
584 4940 621 4996 ad
640 4940 793 5008 atlantem,
815 4953 871 4995 nou
889 4935 926 4991 ad
943 4935 1139 4993 Prometheum
1157 4933 1309 5003 pertinere.

508 5035 531 5105 ‘)
551 5034 662 5094 Ztsehr.
680 5035 700 5092 f.
720 5030 921 5105 Gymnaaiolw.
943 5030 1023 5087 laer.
1043 5047 1072 5101 p.
1092 5033 1156 5090 220.
