4667 5792
992 330 1200 423 „pp-

143 496 387 593 resorbeor
403 494 637 589 παρέρχεται.
657 498 716 577 ..111
732 495 796 569 Sir·
817 499 840 564 d
859 501 967 579 machi
984 500 1207 575 Hemioborion
1225 505 1262 569 A
1282 498 1350 573 eine
1373 498 1557 593 allgemeine
1580 498 1788 593 Bemerkung,
1822 495 1880 577 wie
1911 492 1956 563 sie
1979 492 2038 589 das

143 598 289 691 Unglaeh
310 602 364 692 des
384 596 624 683 Konigsnruses
646 600 729 673 nahe
750 599 830 681 legt:
855 600 973 668 Orodes
994 602 1072 671 haid
1091 602 1171 673 trifft
1201 602 1447 684 Hoohgestehte,
1480 622 1521 667 an
1551 603 1669 669 Armen
1695 603 1772 680 peht
1805 621 1838 669 es
1871 602 2039 673 vorabere*

145 703 227 769 Nam
249 705 326 769 haee
346 720 524 787 pauperum
545 702 797 766 commemoratio
819 703 947 769 minime
970 707 1000 771 h.
1022 708 1042 770 l.
1067 710 1142 789 apta
1166 708 1224 777 est,
1247 706 1321 787 quia
1342 705 1448 787 paullo
1464 708 1537 769 ante
1561 705 1673 769 ehorus
1695 704 1771 769 dieit
1793 704 1968 776 estimare,
2000 723 2039 769 ne

146 808 212 871 tota
234 805 346 871 civitas
367 822 441 868 eum
462 802 596 871 dominis
617 803 799 873 calamitate
820 804 990 885 affligatur,
1023 812 1054 872 et
1083 806 1211 871 diffieile
1245 824 1314 870 esse
1342 810 1472 870 veteres
1493 807 1718 870 exsecrationes
1750 806 1902 888 eomponi.
1956 804 2038 884 Quid

144 892 216 971 vero
238 910 298 983 ost,
320 926 377 979 eur
399 908 433 975 in
453 905 584 986 vulgata
604 899 647 971 τα
663 896 692 968 d'
712 897 796 971 aava
817 899 973 988 πελόμεν’
994 900 1034 975 oei
1052 906 1258 994 παρέρχεται
1281 906 1499 973 offendamus?
1543 908 1647 971 Verba
1661 900 1702 970 ου’
1721 903 1926 991 παρέρχεται
1946 907 2039 989 plano

142 1027 199 1097 per
221 1008 360 1099 figuram
381 1003 560 1093 λιτότητος
579 1006 664 1073 dieta
687 1010 783 1077 sunt:
805 1007 903 1083 „Nou
918 1011 1122 1092 praetereunt
1143 1009 1317 1093 perniciosa
1338 1009 1358 1073 i.
1381 1028 1408 1073 a.
1430 1008 1581 1073 violenter
1611 1026 1648 1072 ao
1678 1004 1829 1091 perpetuo
1858 1012 2038 1097 premant.“

346 1108 671 1174 Animadvertendum
702 1112 751 1174 est
766 1109 910 1174 timorem
932 1110 1018 1175 ebori
1039 1112 1105 1176 h.l.
1129 1110 1229 1175 alium
1251 1128 1318 1174 esse
1340 1112 1435 1192 atquo
1457 1106 1489 1172 in
1512 1107 1641 1173 oautieis
1663 1109 1764 1192 primo
1784 1108 1943 1185 moltero,
1966 1126 2040 1173 eum

146 1211 178 1274 h.
202 1210 223 1276 Ι.
246 1229 308 1275 non
329 1210 388 1276 sibi
409 1210 521 1274 timeat
543 1208 600 1275 aed
621 1210 756 1275 dominis
777 1215 809 1275 et
824 1209 956 1277 civitati.

345 1310 469 1378 Oantiei
490 1310 674 1376 divisionem
696 1312 778 1377 hane
799 1331 868 1378 esse
890 1314 1044 1379 arbitror:

346 1413 372 1477 1.
412 1411 564 1478 Filiorum
584 1414 654 1479 rixa
675 1415 714 1478 ab
737 1414 904 1500 Oedipodis
926 1415 1136 1483 exseeratione
1154 1419 1329 1480 reroeatur.
1373 1408 1470 1495 ααβ.

409 1514 440 1596 l)
463 1513 582 1590 Timeo,
607 1534 647 1580 ne
670 1515 839 1601 Oedipodis
861 1518 1034 1585 exaeoratio
1055 1517 1238 1602 perfieiatur
1260 1540 1291 1581 α.
1330 1502 1336 1521 '

406 1615 442 1701 2)
463 1614 559 1682 Ferro
578 1617 702 1691 letifero
724 1619 809 1687 enim
827 1617 865 1684 de
887 1619 1053 1693 dividenda
1078 1621 1159 1685 inter
1181 1619 1296 1683 fratros
1319 1615 1494 1680 hereditate
1516 1614 1710 1696 diseoptatur
1723 1607 1762 1687 α’,
1782 1628 1916 1695 quorum
1928 1618 2040 1681 mutua

470 1738 544 1783 ueee
567 1712 753 1803 inexpiabile
775 1722 876 1789 seelus
897 1721 1117 1797 committitur,
1138 1722 1171 1803 β,

345 1817 388 1882 11.
432 1818 644 1905 Hediaperoie
665 1820 840 1906 oopssoor'e
861 1817 965 1886 αἰῶνα
985 1819 1020 1898 ἐς
1041 1818 1155 1908 τρίταν
1174 1818 1279 1904 μένει,
1298 1813 1404 1904 pt'yy'.

413 1921 444 2001 1)
469 1920 515 1984 De
537 1918 615 1997 Laii,
636 1916 686 2003 β’,

410 2022 443 2103 2)
465 2020 503 2085 de
526 2021 695 2121 Oedipodis
719 2024 918 2091 facinoribus.
961 2050 989 2112 y.

409 2124 443 2206 3)
464 2121 573 2188 Timor
595 2124 771 2204 igiturest
795 2147 834 2192 no
856 2133 1021 2211 propterea
1041 2129 1153 2197 civitas
1177 2146 1249 2193 eum
1271 2124 1405 2197 dominis
1427 2122 1607 2187 eulanritato
1628 2116 1801 2200 affligatur.
1823 2114 1870 2203 γ’.

348 2222 408 2288 ΙΙΙ.
451 2224 587 2295 masone
622 2227 707 2292 euim
739 2234 788 2293 est
817 2234 938 2294 veteres
968 2231 1194 2297 exsecrationes
1224 2232 1256 2292 et
1285 2225 1453 2311 perniciem
1486 2238 1521 2287 er
1554 2220 1653 2287 nimia
1681 2219 1830 2286 felicitate
1861 2228 2040 2289 haerentem
2095 2260 2098 2269 .

149 2328 302 2391 avertere.
346 2324 377 2391 d.
407 2374 416 2401 .

347 2426 401 2493 lv.
446 2426 534 2508 Quod
568 2430 742 2515 explicatur
775 2431 944 2521 Oedipodis
970 2433 1119 2516 exemplo,
1154 2432 1192 2497 de
1224 2431 1314 2495 ouius
1347 2427 1496 2493 felicitate
1528 2423 1570 2501 d,
1607 2425 1817 2489 ooeaeeatioue
1846 2447 1872 2498 ε,
1906 2425 2042 2493 tiliorum

150 2528 359 2601 emeoratione
380 2526 409 2595 ε’
431 2531 558 2601 dieitur.
1871 2594 1873 2601 s

347 2629 409 2705 Hie
431 2633 634 2719 stropharum
654 2634 745 2698 ordo:
769 2631 847 2716 ααβ,
866 2627 943 2720 fl'yy'
966 2635 987 2701 d
1008 2630 1081 2700 dre'
1102 2634 1221 2699 iterum
1240 2633 1329 2698 doeet
1351 2629 1580 2699 sententiarum
1599 2628 1741 2693 ordinem
1762 2648 1822 2693 nou
1845 2626 1948 2703 totum
1969 2650 2040 2697 euru

773 2720 1058 2752 VVV

148 2767 353 2850 stropharum
374 2768 504 2851 paribus
528 2773 704 2837 eonvenite.

353 2869 571 2939 Canticum
593 2877 857 2957 quartorum.
881 2874 1061 2956 832-843)
1092 2874 1241 2956 perbreve
1269 2874 1326 2948 ost,
1358 2889 1431 2935 oum
1460 2888 1587 2959 osrpora
1622 2873 1815 2933 mortuorum
1842 2869 1979 2933 fratrum
2010 2871 2041 2933 iu

147 2989 296 3037 seaeuam
302 2975 483 3071 portentur
505 2976 679 3060 ehorusque
700 2979 850 3043 thronum
865 2982 993 3043 eantare
1015 2980 1115 3059 paret.

351 3074 473 3142 Chorus
490 3078 567 3142 haee
588 3079 678 3146 dioit:

348 3175 374 3241 1.
417 3176 535 3244 Horrea
558 3179 687 3245 huram
709 3180 887 3264 Oedipodis,
908 3199 1037 3246 earmeu
1059 3180 1191 3253 funebre
1213 3180 1314 3242 «santo
1358 3200 1390 3240 α.

347 3277 391 3343 Π.
434 3280 549 3347 Fatum
568 3282 681 3348 domus
703 3283 863 3367 expletum
883 3278 945 3347 estJ
984 3277 1024 3345 α’.

347 3381 466 3448 Versus
488 3386 654 3450 ero-860
667 3385 871 3449 Herrnuunus
887 3384 919 3450 iu
931 3385 1015 3455 hune
1027 3383 1228 3466 stropharum
1245 3380 1386 3445 ordinem
1399 3378 1537 3459 redigere
1551 3380 1682 3440 conatus
1697 3380 1745 3438 est
1757 3374 1816 3438 ito:
1838 3378 1862 3455 ,ἰ
1876 3375 1965 3438 847-μ
1980 3377 2041 3440 854

150 3472 239 3551 ’311ιέ
261 3477 357 3565 γάιαι,
377 3473 404 3545 o}
423 3482 533 3570 φίλαι,
565 3477 638 3551 καί
655 3476 753 3570 αὖραι·
773 3490 806 3549 ot
826 3481 864 3567 β’
887 3489 949 3559 855
981 3476 1128 3570 ἐρέσσετ’
1148 3523 1189 3533 -
1212 3487 1284 3558 860,
1317 3480 1463 3547 utnulla
1486 3476 1694 3560 iuterpuuotio
1724 3476 1806 3539 iuter
1829 3476 1991 3558 stropham
2013 3481 2044 3540 et

150 3583 381 3665 antistropham
403 3586 455 3651 sit.
499 3589 568 3669 Qua
592 3588 748 3653 derauso
773 3586 1161 3654 WeiliuoetDindoriius
1191 3586 1223 3648 in
1255 3584 1345 3648 initio
1368 3586 1400 3647 et
1430 3582 1492 3645 hue
1527 3579 1665 3661 singulos
1699 3594 1809 3639 versus
1844 3576 2041 3642 iutereidisse

149 3685 269 3767 patant
288 3688 322 3749 et
342 3684 575 3772 antistropham
596 3690 637 3754 ab
655 3709 747 3754 versu
763 3682 851 3754 ridie
880 3686 966 3773 γόων
986 3713 1013 3751 κ.
1037 3711 1066 3751 r.
1087 3684 1118 3751 λ.
1138 3687 1285 3768 ineipere.
1340 3683 1399 3748 Sed
1423 3689 1506 3746 reete
1527 3679 1659 3745 Mustius
1686 3682 1802 3749 monet,
1828 3696 1900 3742 eum
1933 3698 2043 3743 versus

149 3786 229 3849 bene
249 3786 425 3869 proaedere,
448 3787 486 3853 de
508 3791 622 3865 Iuenna
644 3791 775 3871 eogitari
798 3810 860 3856 nou
878 3811 968 3874 posse
991 3790 1097 3871 itaque
1121 3786 1296 3852 Heruranni
1318 3784 1458 3848 ordinem
1481 3786 1572 3864 putat
1591 3802 1658 3846 esse
1674 3778 1899 3861 artoptaudum.
1928 3780 2044 3846 Ooutro

152 3884 367 3953 Weehieinius
387 3889 423 3969 (i.
433 3888 454 3953 1.
473 3909 505 3973 p.
528 3892 602 3969 219)
625 3910 735 3956 versus
757 3891 825 3955 iilos
849 3885 1020 3975 strophioos
1043 3908 1110 3954 esse
1132 3906 1260 3970 prorsus
1280 3890 1375 3967 negat
1396 3878 1561 3966 amnestia
1582 3881 1659 3944 mihi
1682 3880 1815 3955 videtur,
1839 3900 1894 3944 sno
1916 3883 2043 3964 quidem

148 3987 227 4052 inre.
271 3987 388 4055 Omnes
409 3991 493 4057 euim
520 4012 639 4069 versus,
662 3994 799 4075 exeeptis
822 3993 946 4058 duobus
966 3990 1131 4073 tegnonis,
1154 3987 1291 4051 trimetri
1312 3985 1437 4050 iambioi
1459 3986 1543 4059 sunt,
1563 3982 1707 4063 quamvis
1730 3980 1885 4044 liberioris
1907 3984 2042 4063 generis.

153 4087 259 4171 Atque
280 4088 377 4155 etiarn
398 4098 585 4174 argumento
617 4096 728 4159 horum
757 4113 905 4159 versumn
935 4094 1037 4156 forma
1069 4089 1228 4173 strophiea
1260 4086 1479 4155 dissuadetur:
1514 4082 1616 4147 verbis
1648 4081 1733 4146 enim
1767 4074 1841 4145 τάδ’
1872 4075 2044 4169 αἰτόδρλα

150 4212 179 4252 κ.
202 4212 231 4255 r.
253 4189 566 4259 raimundensis
585 4195 648 4260 nisi
666 4214 795 4279 eorpora
817 4197 1013 4259 mortuorum
1040 4189 1198 4273 adportari
1229 4206 1265 4251 ao
1297 4186 1440 4251 versibus
1474 4184 1640 4249 bid—860
1668 4181 1748 4246 nihil
1781 4182 1843 4246 uisi
1873 4183 2044 4249 cohortatio

148 4289 236 4355 ohori
255 4292 433 4358 metiretur
454 4297 619 4371 monentis,
642 4301 679 4361 ut
700 4298 831 4361 threnus
853 4294 1033 4377 insipiam.
1077 4290 1185 4372 Neque
1204 4288 1301 4369 igitur
1321 4290 1461 4352 metrum
1494 4306 1550 4350 noe
1583 4283 1757 4350 sententiae
1790 4283 2044 4365 oompositionem

149 4393 342 4477 atrophieam
356 4394 508 4474 mereant,
529 4399 625 4463 immo
645 4417 681 4462 ex
705 4399 806 4463 verbis
828 4387 857 4461 oi
876 4394 973 4482 φίλαι
999 4397 1130 4478 apparet
1149 4410 1249 4456 unum
1270 4390 1453 4455 ohoreutam
1472 4387 1566 4471 loqui.
1610 4386 1762 4450 demeum
1775 4384 1867 4465 vulgo
1878 4385 2045 4469 coryphaei

150 4492 194 4557 ait
213 4495 373 4572 nuntiare,
395 4514 475 4578 quae
497 4516 648 4581 personae
670 4497 850 4574 adveniant,
873 4501 1053 4580 eeteresquo
1082 4497 1248 4560 eboreutas
1276 4490 1440 4567 eohortem,
1471 4492 1508 4554 ut
1534 4491 1663 4553 eantnm
1697 4486 1858 4569 incipiant,
1893 4486 2046 4569 quidest

151 4594 351 4662 verisimilius
374 4590 470 4680 ’ραααι
491 4598 547 4663 hos
569 4616 678 4661 verens
701 4617 719 4662 a
741 4596 915 4681 eoryphaeo
940 4595 1160 4681 pronuntiatos
1190 4597 1286 4659 osse?
1337 4594 1534 4677 Quapropter
1564 4589 1661 4655 etism
1689 4588 1821 4653 Mustius
1852 4591 1907 4653 hos
1936 4607 2045 4654 sersus

146 4696 321 4779 eorppbaeo
343 4698 482 4764 tribuere
502 4698 634 4775 mavult,
657 4696 712 4763 sed
733 4696 863 4763 offendit
885 4696 918 4761 in
940 4697 1083 4779 eoquod
1105 4697 1152 4760 ita
1175 4694 1256 4759 duae
1279 4693 1434 4777 longiores
1455 4692 1606 4761 orationis
1625 4694 1732 4774 partes
1751 4694 1783 4757 et
1805 4695 1991 4774 argumento
2013 4699 2046 4757 ot

146 4800 249 4863 instro
268 4800 413 4865 disemos
433 4799 535 4866 eidem
556 4817 708 4885 personae
730 4799 958 4868 attribuantur.
1010 4797 1130 4862 Verum
1151 4797 1185 4860 in
1208 4796 1325 4880 paredo
1347 4793 1592 4878 Agamemnonis
1613 4812 1716 4857 nonne
1737 4792 1836 4857 multo
1860 4792 2045 4860 diversiones

147 4900 257 4965 orae
277 4898 391 4964 oantiei
418 4903 526 4985 portes
560 4902 602 4983 (v.
636 4899 759 4963 1-103
793 4903 825 4962 et
862 4899 1047 4981 lle-159),
1081 4918 1161 4980 quae
1196 4898 1245 4962 vix
1281 4896 1348 4961 heri
1378 4899 1481 4980 potest
1520 4896 1596 4978 quin
1630 4894 1803 4976 ‹oryphaoo
1834 4893 2045 4962 addieautur?

146 4996 316 5071 Praeterea
337 5003 513 5070 iamborum
535 5001 761 5081 dissolutorum
785 5019 861 5069 usus
884 5000 916 5064 iu
939 4992 1001 5065 loeo
1024 4998 1184 5066 simillimo
1206 4998 1333 5081 (Agens.
1359 4997 1419 5063 476
1440 4998 1522 5081 sqq.)
1558 5001 1616 5071 ost,
1647 4997 1700 5078 oiri
1723 5002 1755 5062 et
1779 4997 2044 5079 ipseargumento

527 5224 533 5279 1

432 5324 448 5357 1.
515 5322 526 5347 ,.
